@ARTICLE{Zwicky,
   author = {{Zwicky}, F.},
    title = "{Republication of: The redshift of extragalactic nebulae}",
  journal = {General Relativity and Gravitation},
 keywords = {String cosmology, CMP},
     year = 2009,
    month = jan,
   volume = 41,
    pages = {207-224},
      doi = {10.1007/s10714-008-0707-4},
   adsurl = {http://adsabs.harvard.edu/abs/2009GReGr..41..207E},
  adsnote = {Provided by the SAO/NASA Astrophysics Data System}
}

@ARTICLE{Persic,
   author = {{Persic}, M. and {Salucci}, P. and {Stel}, F.},
    title = "{The universal rotation curve of spiral galaxies - I. The dark matter connection}",
  journal = {Monthly Notices of the Royal Astronomical Society},
   eprint = {astro-ph/9506004},
 keywords = {GALAXIES: KINEMATICS AND DYNAMICS, GALAXIES: SPIRAL, GALAXIES: STRUCTURE, DARK MATTER},
     year = 1996,
    month = jul,
   volume = 281,
    pages = {27-47},
      doi = {10.1093/mnras/281.1.27},
   adsurl = {http://adsabs.harvard.edu/abs/1996MNRAS.281...27P},
  adsnote = {Provided by the SAO/NASA Astrophysics Data System}
}

@Article{Battaner,
     author    = {{Battaner} E., and {Florido} E.},
     title     = "{The rotation curve of spiral galaxies and its cosmological implications}",
     journal   = "Fund.Cosmic Phys.",
     volume    = "21",
     year      = "2000",
     pages     = "1-154",
     adsurl    = {http://arxiv.org/abs/astro-ph/0010475}
}

@book{Binney,
  author    = {Tremaine Binney}, 
  title     = {Galactic Dynamics},
  publisher = {Princeton University Press},
  year      = 2008,
  edition   = 2,
  isbn      = {9780691130279}
}

@ARTICLE{Javorsek,
   author = {{Javorsek}, II, D. and {Fischbach}, E. and {Teplitz}, V.},
    title = "{New Experimental Bounds on the Contributions to the Cosmological Density Parameter {$\Omega$} from Strongly Interacting Massive Particles}",
  journal = {The Astrophysical Journal},
 keywords = {Cosmology: Observations, Cosmology: Dark Matter, Elementary Particles},
     year = 2002,
    month = mar,
   volume = 568,
    pages = {1-8},
      doi = {10.1086/338796},
   adsurl = {http://adsabs.harvard.edu/abs/2002ApJ...568....1J},
  adsnote = {Provided by the SAO/NASA Astrophysics Data System}
}

@article{EROS,
  title={Limits on Galactic dark matter with 5 years of EROS SMC data},
  author={Afonso, C and Albert, JN and Andersen, J and Ansari, R and Aubourg, {\'E} and Bareyre, P and Beaulieu, JP and Blanc, G and Charlot, X and Couchot, F and others},
  journal={Astronomy \& Astrophysics},
  volume={400},
  number={3},
  pages={951--956},
  year={2003},
  publisher={EDP Sciences}
}

@article{Alcock,
  title={The MACHO project: microlensing results from 5.7 years of large magellanic cloud observations},
  author={Alcock, Charles and Allsman, RA and Alves, David R and Axelrod, TS and Becker, Andrew C and Bennett, DP and Cook, Kem H and Dalal, N and Drake, Andrew John and Freeman, KC and others},
  journal={The Astrophysical Journal},
  volume={542},
  number={1},
  pages={281},
  year={2000},
  publisher={IOP Publishing}
}

@article{Tytler,
  title={Cosmological parameters sigma8, the baryon density, and the UV background intensity from a calibrated measurement of H I Lyman-alpha absorption at z $=$ 1.9},
  author={Tytler, David and Kirkman, David and O’Meara, John M and Suzuki, Nao and Orin, Adam and Lubin, Dan and Paschos, Pascal and Jena, Tridivesh and Lin, Wen-Ching and Norman, Michael L and others},
  journal={The Astrophysical Journal},
  volume={617},
  number={1},
  pages={1},
  year={2004},
  publisher={IOP Publishing}
}

@article{Spergel,
   title={First year Wilkinson Microwave Anisotropy Probe (WMAP) observations: determination of cosmological parameters},
  author={Spergel, David N and Verde, Licia and Peiris, Hiranya V and Komatsu, E and Nolta, MR and Bennett, CL and Halpern, M and Hinshaw, G and Jarosik, N and Kogut, A and others},
  journal={The Astrophysical Journal Supplement Series},
  volume={148},
  number={1},
  pages={175},
  year={2003},
  publisher={IOP Publishing}
}

@inproceedings{Robertson,
  title={Direct determination of neutrino mass},
  author={Robertson, RG Hamish},
  booktitle={Journal of Physics: Conference Series},
  volume={173},
  number={1},
  pages={012016},
  year={2009},
  organization={IOP Publishing}
}

@inproceedings{Parke,
      author         = "Parke, Stephen J.",
      title          = "{Determining the neutrino mass hierarchy}",
      booktitle      = "{Third NO-VE International Workshop on Neutrino
                        Oscillations in Venice : Fifty years after the neutrino
                        esperimental discovery : Venezia, February 7-10, 2006,
                        Istituto Veneto di Scienze, Lettere ed Arti, Campo Santo
                        Stefano}",
      url            = "http://lss.fnal.gov/cgi-bin/find_paper.pl?conf-06-248",
      year           = "2006",
      pages          = "115-125",
      reportNumber   = "FERMILAB-CONF-06-248-T",
      SLACcitation   = "%%CITATION = FERMILAB-CONF-06-248-T;%%"
}

@article{Pastor,
  title={Light neutrinos in Cosmology},
  author={Pastor, Sergio},
  journal={Physics of Particles and Nuclei},
  volume={42},
  number={4},
  pages={628--640},
  year={2011},
  publisher={Springer}
}

@misc{Kolb,
  title={The early universe},
  author={Kolb, EW and Turner, MS},
  year={1994},
  publisher={Westview Press}
}

@article{Jungman,
  title={Supersymmetric dark matter},
  author={Jungman, Gerard and Kamionkowski, Marc and Griest, Kim},
  journal={Physics Reports},
  volume={267},
  number={5},
  pages={195--373},
  year={1996},
  publisher={Elsevier}
}

@article{Goldberg,
  title={Constraint on the photino mass from cosmology},
  author={Goldberg, H},
  journal={Physical Review Letters},
  volume={50},
  number={19},
  pages={1419},
  year={1983},
  publisher={APS}
}

@article{Ellis,
  title={Supersymmetric relics from the big bang},
  author={Ellis, John and Hagelin, John S and Nanopoulos, Dimitri V and Olive, K and Srednicki, Mark},
  journal={Nuclear Physics B},
  volume={238},
  number={2},
  pages={453--476},
  year={1984},
  publisher={Elsevier}
}

@article{Bennett,
  title={ First Year Wilkinson Microwave Anisotropy Probe (WMAP) Observations: Preliminary Maps and Basic Results},
  author={Bennett, CL and Halpern, M and Hinshaw, G and Jarosik, N and Kogut, A and Limon, M and Meyer, SS and Page, L and Spergel, DN and Tucker, GS and others},
  journal={The Astrophysical Journal Supplement Series},
  volume={148},
  number={1},
  pages={1},
  year={2003},
  publisher={IOP Publishing}
}

@incollection{Arnowitt,
  title={Dark matter, muon g-2 and other SUSY constraints},
  author={Arnowitt, Richard and Dutta, Bhaskar and Hu, Bo},
  booktitle={Beyond the Desert 2003},
  pages={25--41},
  year={2004},
  publisher={Springer}
}

@article{Roszkowski,
  title={Particle dark matter—A theorist’s perspective},
  author={Roszkowski, Leszek},
  journal={Pramana},
  volume={62},
  number={2},
  pages={389--401},
  year={2004},
  publisher={Springer}
}

@article{Baluni,
  title={CP-nonconserving effects in quantum chromodynamics},
  author={Baluni, Varouzhan},
  journal={Physical Review D},
  volume={19},
  number={7},
  pages={2227},
  year={1979},
  publisher={APS}
}

@article{Chung,
  title={Superheavy dark matter},
  author={Chung, Daniel JH and Kolb, Edward W and Riotto, Antonio},
  journal={Physical Review D},
  volume={59},
  number={2},
  pages={023501},
  year={1998},
  publisher={APS}
}

@article{Goodman,
  title={Detectability of certain dark-matter candidates},
  author={Goodman, Mark W and Witten, Edward},
  journal={Physical Review D},
  volume={31},
  number={12},
  pages={3059},
  year={1985},
  publisher={APS}
}



@article{Piffl,
  title={The RAVE survey: the Galactic escape speed and the mass of the Milky Way},
  author={Piffl, Til and Scannapieco, C and Binney, J and Steinmetz, Matthias and Scholz, R-D and Williams, MEK and de Jong, RS and Kordopatis, G and Matijevi{\v{c}}, G and Bienaym{\'e}, O and others},
  journal={Astronomy \& Astrophysics},
  volume={562},
  pages={A91},
  year={2014},
  publisher={EDP Sciences}
}

@article{Gates,
  title={The Local halo density},
  author={Gates, Evalyn I and Gyuk, Geza and Turner, Michael S},
  journal={The Astrophysical Journal Letters},
  volume={449},
  number={2},
  pages={L123},
  year={1995},
  publisher={IOP Publishing}
}

@article{Kamionkowski,
  title={Galactic halo models and particle dark-matter detection},
  author={Kamionkowski, Marc and Kinkhabwala, Ali},
  journal={Physical Review D},
  volume={57},
  number={6},
  pages={3256},
  year={1998},
  publisher={APS}
}

@article{Shan,
  title={Determining ratios of WIMP-nucleon cross sections from direct dark matter detection data},
  author={Shan, Chung-Lin},
  journal={Journal of Cosmology and Astroparticle Physics},
  volume={2011},
  number={07},
  pages={005},
  year={2011},
  publisher={IOP Publishing}
}

@article{Gaitskell,
  title={Direct detection of dark matter},
  author={Gaitskell, Richard J},
  journal={Annu. Rev. Nucl. Part. Sci.},
  volume={54},
  pages={315--359},
  year={2004},
  publisher={Annual Reviews}
}

@inproceedings{McKinsey,
  title={The LUX dark matter search},
  author={McKinsey, DN and Akerib, D and Bedikian, S and Bernstein, A and Bolozdynya, A and Bradley, A and Chapman, J and Clark, K and Classen, T and Curioni, A and others},
  booktitle={Journal of Physics: Conference Series},
  volume={203},
  number={1},
  pages={012026},
  year={2010},
  organization={IOP Publishing}
}

@inproceedings{Fiorucci,
  title={Status of the LUX dark matter search},
  author={Fiorucci, S and Akerib, DS and Bedikian, S and Bernstein, A and Bolozdynya, A and Bradley, A and Carr, D and Chapman, J and Clark, K and Classen, T and others},
  booktitle={AIP Conference Proceedings},
  volume={1200},
  number={977},
  year={2010}
}

@article{Kastens,
  title={Calibration of a liquid xenon detector with Kr 83 m},
  author={Kastens, LW and Cahn, SB and Manzur, A and McKinsey, DN},
  journal={Physical Review C},
  volume={80},
  number={4},
  pages={045809},
  year={2009},
  publisher={APS}
}

@incollection{Amico,
  title={Dark matter astrophysics},
  author={D’Amico, Guido and Kamionkowski, Marc and Sigurdson, Kris},
  booktitle={Dark Matter and Dark Energy},
  pages={241--272},
  year={2011},
  publisher={Springer}
}

@article{Wu,
  title={A comparison of different cluster mass estimates: consistency or discrepancy?},
  author={Wu, Xiang-Ping and Chiueh, Tzihong and Fang, Li-Zhi and Xue, Yan-Jie},
  journal={Monthly Notices of the Royal Astronomical Society},
  volume={301},
  number={3},
  pages={861--871},
  year={1998},
  publisher={Oxford University Press}
}

@article{Aprile,
  title={Liquid xenon detectors for particle physics and astrophysics},
  author={Aprile, E and Doke, T},
  journal={Reviews of Modern Physics},
  volume={82},
  number={3},
  pages={2053},
  year={2010},
  publisher={APS}
}

@article{Miyake,
  title={Permeation, diffusion, and solution of hydrogen isotopes, methane, and inert gases in/through tetrafluoroethylene and polyethylene},
  author={Miyake, Hitoshi and Matsuyama, Masao and Ashida, Kan and Watanabe, Kuniaki},
  journal={Journal of Vacuum Science \& Technology A},
  volume={1},
  number={3},
  pages={1447--1451},
  year={1983},
  publisher={AVS: Science \& Technology of Materials, Interfaces, and Processing}
}

@book{Piche,
title = "Partial differential equations",
author = "Robert Piche",
note = "Contribution: organisation=mat,FACT1=1",
year = "2010",
series = "MAT-51316",
publisher = "Tampere University of Technology",
}

@book{ComaZ,
  title={Introduction to cosmology},
  author={Ryden, Barbara Sue},
  volume={4},
  year={2003},
  publisher={Addison-Wesley San Francisco USA}
}

@inproceedings{Paradijs,
  title={X-ray Spectroscopy in Astrophysics},
  author={van Paradijs, Jan and Bleeker, Johan AM},
  booktitle={X-Ray Spectroscopy in Astrophysics},
  volume={520},
  year={1999}
}

@article{Vikhlinin,
  title={Chandra sample of nearby relaxed galaxy clusters: Mass, gas fraction, and mass-temperature relation},
  author={Vikhlinin, Alexey and Kravtsov, A and Forman, W and Jones, C and Markevitch, M and Murray, SS and Van Speybroeck, L},
  journal={The Astrophysical Journal},
  volume={640},
  number={2},
  pages={691-709},
  year={2006},
  publisher={IOP Publishing}
}

@article{Bin-Nun,
  title={Gravitational Lensing with a Large Deflection Angle as a Probe of General Relativity and the Galactic Center},
  author={Bin-Nun, Amitai Yisrael},
  journal={Publicly accessible Penn Dissertations},
  year={2010}
}

@book{Schneider,
  title={Extragalactic astronomy and cosmology: an introduction},
  author={Schneider, Peter},
  year={2006},
  publisher={Springer}
}

@article{Pires,
  title={Light on dark matter with weak gravitational lensing},
  author={Pires, S and Starck, J-L and Refregier, A},
  journal={arXiv preprint arXiv:0908.4157},
  year={2009}
}

@article{Refregier,
  title={Weak gravitational lensing by large-scale structure},
  author={Refregier, Alexandre},
  journal={Ann.Rev.Astron.Astrophys},
  year={2003},
  volume={41},
  pages={645-668},
  year={2003},
}

@article{Clowe,
  title={A Direct Empirical Proof of the Existence of Dark Matter},
  author={Clowe, Douglas and Brada{\v{c}}, Maru{\v{s}}a and Gonzalez, Anthony H and Markevitch, Maxim and Randall, Scott W and Jones, Christine and Zaritsky, Dennis},
  journal={The Astrophysical Journal Letters},
  volume={648},
  number={2},
  pages={L109},
  year={2006},
  publisher={IOP Publishing}
}

%http://theory.physics.helsinki.fi/~cpt/Cosmo12.pdf
@misc{Kurki-Suonio,
  author = {Kurki-Suonio, Hannu},
  title  = {Lecture notes in Cosmological Perturbation Theory},
  month  = {Fall},
  year   = {2015},
  howpublished = {\url{http://theory.physics.helsinki.fi/~cpt/Cosmo12.pdf}},
  publisher={Theoretical high energy physics at the University of Helsinki},
  note = {Accessed: 2016-06-14}
}

@misc{Whu,
  title = {CMB Introduction},
  author = {Hu, Wayne},
  year = {2001},
  howpublished = {\url{http://background.uchicago.edu/~whu/intermediate/map1.html}},
  publisher={Department of Astronomy and Astrophysics, University of Chicago},
  note = {Accessed: 2016-06-14}
}

@article{Planck2013,
  title={Planck 2013 results. XV. CMB power spectra and likelihood},
  author={Ade, PAR and Aghanim, N and Armitage-Caplan, C and Arnaud, M and Ashdown, M and Atrio-Barandela, F and Aumont, J and Baccigalupi, C and Banday, Anthony J and Barreiro, RB and others},
  journal={Astronomy \& Astrophysics},
  volume={571},
  pages={A15},
  year={2014},
  publisher={EDP Sciences}
}

@article{Planck,
  title={Planck 2015 results. xiii. cosmological parameters. arXiv preprint},
  author={Collaboration, Planck and others},
  journal={arXiv},
  volume={1502},
  year={2015}
}

@article{Begeman,
  title={Extended rotation curves of spiral galaxies: Dark haloes and modified dynamics},
  author={Begeman, KG and Broeils, AH and Sanders, RH},
  journal={Monthly Notices of the Royal Astronomical Society},
  volume={249},
  number={3},
  pages={523--537},
  year={1991},
  publisher={Oxford University Press}
}

@article{Fermi-LAT,
  title={Fermi LAT search for dark matter in gamma-ray lines and the inclusive photon spectrum},
  author={Ackermann, M and Ajello, Marco and Albert, A and Baldini, L and Barbiellini, G and Bechtol, K and Bellazzini, R and Berenji, B and Blandford, RD and Bloom, ED and others},
  journal={Physical Review D},
  volume={86},
  number={2},
  pages={022002},
  year={2012},
  publisher={APS}
}

@article{Knapp,
  title={Extensive air shower simulations at the highest energies},
  author={Knapp, J and Heck, D and Sciutto, SJ and Dova, MT and Risse, M},
  journal={Astroparticle Physics},
  volume={19},
  number={1},
  pages={77--99},
  year={2003},
  publisher={Elsevier}
}

@article{HESS,
  title={Search for a Dark Matter annihilation signal from the Galactic Center halo with HESS},
  author={Abramowski, A and Acero, F and Aharonian, F and Akhperjanian, AG and Anton, G and Barnacka, A and De Almeida, U Barres and Bazer-Bachi, AR and Becherini, Yvonne and Becker, J and others},
  journal={Physical Review Letters},
  volume={106},
  number={16},
  pages={161301},
  year={2011},
  publisher={APS}
}

@article{collaboration2015veritas,
  title={The VERITAS Dark Matter Program},
  author={Collaboration, B},
  journal={arXiv preprint arXiv:1503.00743},
  year={2015}
}

@article{IceCube,
  title={Search for dark matter annihilations in the Sun with the 79-string IceCube detector},
  author={Aartsen, Mark Gerald and Abbasi, R and Abdou, Yasser and Ackermann, M and Adams, J and Aguilar, JA and Ahlers, M and Altmann, D and Auffenberg, J and Bai, X and others},
  journal={Physical review letters},
  volume={110},
  number={13},
  pages={131302},
  year={2013},
  publisher={APS}
}

@article{IceCube2,
  title={IceCube search for dark matter annihilation in nearby galaxies and galaxy clusters},
  author={Aartsen, MG and Abbasi, R and Abdou, Yasser and Ackermann, M and Adams, J and Aguilar, JA and Ahlers, M and Altmann, D and Auffenberg, J and Bai, X and others},
  journal={Physical Review D},
  volume={88},
  number={12},
  pages={122001},
  year={2013},
  publisher={APS}
}

@article{Cheng,
  title={Kaluza-Klein dark matter},
  author={Cheng, Hsin-Chia and Feng, Jonathan L and Matchev, Konstantin T},
  journal={Physical Review Letters},
  volume={89},
  number={21},
  pages={211301},
  year={2002},
  publisher={APS}
}


@article{Kamionkowsk,
  title={Distinctive positron feature from particle dark-matter annihilations in the galatic halo},
  author={Kamionkowski, Marc and Turner, Michael S},
  journal={Physical Review D},
  volume={43},
  number={6},
  pages={1774},
  year={1991},
  publisher={APS}
}

@article{Stecker,
  title={The cosmic $\gamma$-ray spectrum from secondary particle production in cosmic-ray interactions},
  author={Stecker, FW},
  journal={Astrophysics and Space Science},
  volume={6},
  number={3},
  pages={377--389},
  year={1970},
  publisher={Springer}
}

@misc{PEBS,
  title = {Positron Fraction},
  author = {PEBS Collaboration},
  year = {2010},
  howpublished = {\url{http://www1b.physik.rwth-aachen.de/~pebs/?PEBS_physics:Positron_fraction}},
  note = {Accessed: 2016-06-14}
}

@article{FermiPositron,
  title={Measurement of separate cosmic-ray electron and positron spectra with the Fermi Large Area Telescope},
  author={Ackermann, M and Ajello, Marco and Allafort, A and Atwood, WB and Baldini, L and Barbiellini, G and Bastieri, D and Bechtol, K and Bellazzini, R and Berenji, B and others},
  journal={Physical Review Letters},
  volume={108},
  number={1},
  pages={011103},
  year={2012},
  publisher={APS}
}

@article{PamelaPositron,
  title={The cosmic-ray positron energy spectrum measured by PAMELA},
  author={The PAMELA Collaboration},
  journal={Physical Review Letters},
  volume={111},
  number={1},
  pages={081102},
  year={2013},
  publisher={APS}
}

@article{AMSPositron,
  title={High statistics measurement of the positron fraction in primary cosmic rays of 0.5--500 GeV with the Alpha Magnetic Spectrometer on the International Space Station},
  author={Accardo, L and Aguilar, M and Aisa, D and Alpat, B and Alvino, A and Ambrosi, G and Andeen, K and Arruda, L and Attig, N and Azzarello, P and others},
  journal={Physical review letters},
  volume={113},
  number={12},
  pages={121101},
  year={2014},
  publisher={APS}
}

@article{Serpico,
  title={Astrophysical models for the origin of the positron “excess”},
  author={Serpico, Pasquale D},
  journal={Astroparticle Physics},
  volume={39},
  pages={2--11},
  year={2012},
  publisher={Elsevier}
}

@article{Bertone,
  title={Particle dark matter: Evidence, candidates and constraints},
  author={Bertone, Gianfranco and Hooper, Dan and Silk, Joseph},
  journal={Physics Reports},
  volume={405},
  number={5},
  pages={279--390},
  year={2005},
  publisher={Elsevier}
}

@article{Beltran,
  title={Maverick dark matter at colliders},
  author={Beltran, Maria and Hooper, Dan and Kolb, Edward W and Krusberg, Zosia AC and Tait, Tim MP},
  journal={Journal of High Energy Physics},
  volume={2010},
  number={9},
  pages={1--17},
  year={2010},
  publisher={Springer}
}

@article{ATLAS,
  title={Search for dark matter candidates and large extra dimensions in events with a jet and missing transverse momentum with the ATLAS detector},
  author={Aad, Georges and Abajyan, Tatevik and Abbott, Brad and Abdallah, Jalal and Khalek, S Abdel and Abdelalim, AA and Abdinov, O and Aben, R and Abi, B and Abolins, M and others},
  journal={Journal of High Energy Physics},
  volume={2013},
  number={4},
  pages={1--51},
  year={2013},
  publisher={Springer}
}


@phdthesis{PauloThesis,
    title    = {Finding a needle in a haystack: Background studies and WIMP detection efficiency in LUX},
    school   = {Universidade De Coimbra},
    author   = {Br\'as, P},
    year     = {2015}, 
}

@phdthesis{VerbusThesis,
    title    = {An Absolute Calibration of Sub-1 keV Nuclear Recoils in Liquid Xenon Using D-D Neutron Scattering Kinematics in the LUX Detector},
    school   = {Brown University},
    author   = {Verbus, J},
    year     = {2016}, 
}

@article{LuxDetector,
  title={The large underground xenon (LUX) experiment},
  author={Akerib, DS and Bai, X and Bedikian, S and Bernard, E and Bernstein, A and Bolozdynya, A and Bradley, A and Byram, D and Cahn, SB and Camp, C and others},
  journal={Nuclear Instruments and Methods in Physics Research Section A: Accelerators, Spectrometers, Detectors and Associated Equipment},
  volume={704},
  pages={111--126},
  year={2013},
  publisher={Elsevier}
}

@phdthesis{BradleyThesis,
    title    = {LUX Thermosyphon Cryogenics and Radon-Related Backgrounds for the First WIMP Result},
    school   = {Case Western Reserve University},
    author   = {Bradley, A.},
    year     = {2014}, 
}

@misc{JonOutgassing,
  title = {Simulations of CH3T Diffusion into Plastic Parts of the LUX Detector. LUX Document Database},
  author = {J Balajthy, and C Hall},
  year = {2013},
  publisher = {LUX Document Database},
  howpublished = {\url{http://teacher.pas.rochester.edu:8080/wiki/pub/Lux/LuxDB00000481}},
  note = {Accessed: 2016-06-14}
}

@misc{JonOutgassingTwo,
  title = {April 2015 CH4 Injection Results},
  author = {J Balajthy},
  year = {2015},
  publisher = {Google Documents},
  howpublished = {\url{https://docs.google.com/presentation/d/16VfGTd5lYoIk9AkkJypX6qpJ5SujgQQt8d0YEjFinCo/edit#slide=id.gae573feed_0_5}},
  note = {Accessed: 2016-06-14}
}

@article{TritiumPaper,
  title={Tritium calibration of the LUX dark matter experiment},
  author={Akerib, DS and Ara{\'u}jo, HM and Bai, X and Bailey, AJ and Balajthy, J and Beltrame, P and Bernard, EP and Bernstein, A and Biesiadzinski, TP and Boulton, EM and others},
  journal={Phys. Rev. D},
  volume={93},
  pages={072009},
  year={2016},
  publisher={APS}
}

@phdthesis{Dahl,
    title    = {The physics of background discrimination in liquid xenon, and first results from Xenon10 in the hunt for WIMP dark matter},
    school   = {Princeton University},
    author   = {Dahl, C.E.},
    year     = {2009}, 
}

@phdthesis{Dobi,
    title    = {Measurement of the Electron Recoil Band of the LUX Dark Matter Detector With a Tritium Calibration Source},
    school   = {University of Maryland},
    author   = {Dobi, A.},
    year     = {2014}, 
}

@article{Doke,
  title={Estimation of Fano factors in liquid argon, krypton, xenon and xenon-doped liquid argon},
  author={Doke, Tadayoshi and Hitachi, Akira and Kubota, Shinzou and Nakamoto, A and Takahashi, Tan},
  journal={Nuclear Instruments and Methods},
  volume={134},
  number={2},
  pages={353--357},
  year={1976},
  publisher={Elsevier}
}

@article{TritiumSpec,
  title={Measurement of the $\beta$-energy spectrum of H 3 to determine the antineutrino mass},
  author={Simpson, JJ},
  journal={Physical Review D},
  volume={23},
  number={3},
  pages={649},
  year={1981},
  publisher={APS}
}


@article{TritiumSpec2,
  title={A simple relation for the Fermi function},
  author={Venkataramaiah, P and Gopala, K and Basavaraju, A and Suryanarayana, SS and Sanjeeviah, H},
  journal={Journal of Physics G: Nuclear Physics},
  volume={11},
  number={3},
  pages={359},
  year={1985},
  publisher={IOP Publishing}
}

@misc{TritiumSpec3,
  title = {Tritium Beta Shape},
  author = {Dobi, A.},
  year = {2015},
  publisher = {LUX Document Database},
  howpublished = {\url{http://teacher.pas.rochester.edu:8080/wiki/pub/Lux/LuxDB00000402/TritiumBetaShape.pdf}},
  note = {Accessed: 2016-06-14}
}

@phdthesis{Phelps,
    title    = {The LUX Dark Matter Experiment: Detector Performance and Energy Calibration},
    school   = {Case Western Reserve University},
    author   = {Phelps, P.},
    year     = {2014}, 
}

@misc{GridCond,
  title = {Collections of presentations and documentations of the grid conditioning and the radial field},
  author = {To, W.},
  year = {2015},
  publisher = {LUX Document Database},
  howpublished = {\url{http://teacher.pas.rochester.edu:8080/wiki/bin/view/Lux/LuxDB00000387}},
  note = {Accessed: 2016-06-14}
}

@article{Dever,
  title={Degradation of spacecraft materials},
  author={Dever, Joyce and Banks, Bruce and de Groh, Kim and Miller, Sharon},
  journal={Handbook of environmental degradation of materials},
  pages={465--501},
  year={2005},
  publisher={William Andrew Publishers, Norwich, NY}
}

@misc{ScottsMap,
  title = {Describing September 2014 with an Axisymmetric Field Model},
  author = {Hertel, S.},
  year = {2014},
  publisher = {LUX Document Database},
  howpublished = {\url{http://teacher.pas.rochester.edu:8080/wiki/pub/Lux/LuxDB00000446}},
  note = {Accessed: 2016-06-14}
}

@misc{LuciesMap,
  title = {Run04 3D Electric Field Fits},
  author = {Tvrnikova, L.},
  year = {2015},
  publisher = {LUX Document Database},
  howpublished = {\url{http://teacher.pas.rochester.edu:8080/wiki/pub/Lux/LuxDB00000428/160112_MH_6x7.pdf}},
  note = {Accessed: 2016-06-14}
}

@misc{FieldOverTime,
  title = {Evolution of the Observed Detector Wall},
  author = {Biesiadzinski, T.},
  year = {2015},
  publisher = {LUX Document Database},
  howpublished = {\url{http://teacher.pas.rochester.edu:8080/wiki/pub/Lux/LuxDB00000406/TB_field-wall_update_150519.pdf}},
  note = {Accessed: 2016-06-14}
}

@misc{PositionRecon,
  title = {Position Corrections},
  author = {Stephenson, S.},
  year = {2015},
  publisher = {LUX Document Database},
  howpublished = {\url{http://teacher.pas.rochester.edu:8080/wiki/pub/Lux/AnalysisMeeting150818/20150818_PositionCorrection_ScottStephenson.pdf}},
  note = {Accessed: 2016-06-14}
}

@article{RecombSource,
  title={Enhancement of NEST capabilities for simulating low-energy recoils in liquid xenon},
  author={Szydagis, Matthew and Fyhrie, Adalyn and Thorngren, Daniel and Tripathi, Mani},
  journal={Journal of Instrumentation},
  volume={8},
  number={10},
  pages={C10003},
  year={2013},
  publisher={IOP Publishing}
}

@article{KrDecaySource,
  title={Calibration of a liquid xenon detector with Kr 83 m},
  author={Kastens, LW and Cahn, SB and Manzur, A and McKinsey, DN},
  journal={Physical Review C},
  volume={80},
  number={4},
  pages={045809},
  year={2009},
  publisher={APS}
}

@article{Manalaysay,
  title={Spatially uniform calibration of a liquid xenon detector at low energies using K83mr},
  author={Manalaysay, A and Undagoitia, T Marrod{\'a}n and Askin, A and Baudis, L and Behrens, A and Ferella, AD and Kish, A and Lebeda, O and Santorelli, R and V{\'e}nos, D and others},
  journal={Review of Scientific Instruments},
  volume={81},
  number={7},
  pages={073303},
  year={2010},
  publisher={AIP Publishing}
}


@article{Lewin,
  title={Review of mathematics, numerical factors, and corrections for dark matter experiments based on elastic nuclear recoil},
  author={Lewin, JD and Smith, PF},
  journal={Astroparticle Physics},
  volume={6},
  number={1},
  pages={87--112},
  year={1996},
  publisher={Elsevier}
}

@book{EinsteinGrav,
  title={Einstein gravity in a nutshell},
  author={Zee, Anthony},
  year={2013},
  publisher={Princeton University Press}
}


@misc{Belyanin,
  author = {Belyanin, Alexey},
  title  = {Physics of Stellar Interiors},
  howpublished = {\url{http://people.physics.tamu.edu/belyanin/astr314/lecture11.pdf}},
  publisher={Texas A&M University},
  note = {Accessed: 2016-06-27}
}

@article{Littleh,
  title={Damn you, little h!(or, real-world applications of the hubble constant using observed and simulated data)},
  author={Croton, Darren J},
  journal={Publications of the Astronomical Society of Australia},
  volume={30},
  pages={e052},
  year={2013},
  publisher={Cambridge Univ Press}
}

@article{HubbleConstraints,
  title={Hubble deep field constraint on baryonic dark matter},
  author={Flynn, Chris and Gould, Andrew and Bahcall, John N},
  journal={The Astrophysical Journal Letters},
  volume={466},
  number={2},
  pages={L55},
  year={1996},
  publisher={IOP Publishing}
}

@inproceedings{AxionReview,
  title={Dark-matter QCD-axion searches},
  author={Rosenberg, Leslie J},
  booktitle={Journal of Physics: Conference Series},
  volume={203},
  number={1},
  pages={012008},
  year={2010},
  organization={IOP Publishing}
}

%cosmology.berkeley.edu/preprints/cdms/golwalathesis/
@phdthesis{Golwala,
    title    = {Exclusion Limits on the WIMP-Nucleaon Elastic-Scattering Cross Section from the Cryogenic Dark Matter Search},
    school   = {University of Chicago},
    author   = {Golwala, S.},
    year     = {2000}, 
}


@article{DMCross,
  title={Dark matter annihilation in the galactic center},
  author={Hooper, Dan and Goodenough, Lisa},
  journal={Physics Letters B},
  volume={697},
  number={5},
  pages={412--428},
  year={2011},
  publisher={Elsevier}
}

@article{Dobi:2010ai,
      author         = "Dobi, A. and Leonard, D. S. and Hall, C. and Kaufman, L.
                        and Langford, T. and Slutsky, S. and Yen, Y. R.",
      title          = "{Study of a zirconium getter for purification of xenon
                        gas}",
      journal        = "Nucl. Instrum. Meth.",
      volume         = "A620",
      year           = "2010",
      pages          = "594-598",
      doi            = "10.1016/j.nima.2010.03.151",
      eprint         = "1002.2791",
      archivePrefix  = "arXiv",
      primaryClass   = "physics.ins-det",
      SLACcitation   = "%%CITATION = ARXIV:1002.2791;%%"
}

@article{Slutsky:2009gv,
      author         = "Slutsky, S. and Yen, Y. -R. and Breuer, H. and Dobi, A.
                        and Hall, C. and Langford, T. and Leonard, D. and Kaufman,
                        L. J. and Strickland, V. and Voskanian, N.",
      title          = "{A Xenon Condenser with a Remote Liquid Storage Vessel}",
      journal        = "Nucl. Instrum. Meth.",
      volume         = "A610",
      year           = "2009",
      pages          = "669-676",
      doi            = "10.1016/j.nima.2009.09.029",
      eprint         = "0907.2172",
      archivePrefix  = "arXiv",
      primaryClass   = "physics.ins-det",
      SLACcitation   = "%%CITATION = ARXIV:0907.2172;%%"
}

@article{MethaneDiffusion,
  author={Miyake and others},
  journal={J. Vac. Sci. Technol.},
  volume={A1},
  pages={1446--1451},
  year={1983},
}

@article{TeflonActivationEnergy,
  title={Permeability and diffusion data},
  author={Pauly, S},
  journal={Wiley Database of Polymer Properties},
  year={1989},
  publisher={Wiley Online Library}
}

@misc{LuxSaturation,
  title = {662 keV S2 PMT Sautration in Bottom Array},
  author = {Faham, C.},
  year = {2013},
  publisher = {LUX Document Database},
  howpublished = {\url{http://teacher.pas.rochester.edu:8080/wiki/pub/Lux/LuxDB00000045/PMT_S2_Saturation_662keV.pdf}},
  note = {Accessed: 2016-10-25}
}

@article{Akerib:2015rjg,
      author         = "Akerib, D. S. and others",
      title          = "{Improved Limits on Scattering of Weakly Interacting
                        Massive Particles from Reanalysis of 2013 LUX Data}",
      collaboration  = "LUX",
      journal        = "Phys. Rev. Lett.",
      volume         = "116",
      year           = "2016",
      number         = "16",
      pages          = "161301",
      doi            = "10.1103/PhysRevLett.116.161301",
      eprint         = "1512.03506",
      archivePrefix  = "arXiv",
      primaryClass   = "astro-ph.CO",
      SLACcitation   = "%%CITATION = ARXIV:1512.03506;%%"
}